@misc{ARTE2,
  author = {ARTE},
  howpublished = {Youtube},
  title = {Saumon : histoire d'un enfumage | Sources | ARTE},
  year = {2023},
  url = {https://www.youtube.com/watch?v=jpV1n3hYpXI}
}

@misc{FRANCE24,
  author = {FRANCE24},
  howpublished = {Youtube},
  title = {Écosse : les ravages sanitaires de l'élevage intensif des saumons • FRANCE 24},
  year = {2021},
  url = {https://www.youtube.com/watch?v=kSnoTDmavMg}
}

@misc{FT1,
  author = {Sur le front avec Hugo Clément -France Télévisions},
  howpublished = {Youtube},
  title = {Du "saumon sauvage d'Alaska", vraiment sauvage ?! - Sur le front avec Hugo Clément 16 décembre 2024},
  year = {2025},
  url = {https://www.youtube.com/watch?v=V8h1fsMgQxs}
}

@misc{FT2,
  author = {france tv},
  howpublished = {Youtube},
  title = {Faut-il arrêter de manger du saumon d'élevage ? - Sur le front avec Hugo Clément},
  year = {2021},
  url = {https://www.youtube.com/watch?v=ycSn_kVmOmE},
}

@misc{FT3,
  author = {Télé Matin - France Télévisions},
  howpublished = {Youtube},
  title = {Élevage intensif : la face cachée du saumon},
  year = {2025},
  url = {https://www.youtube.com/watch?v=NlzC7EC7FBI}
}
